@article{MobilityDBTODS2020,
	author = {Zim\'{a}nyi, Esteban and Sakr, Mahmoud and Lesuisse, Arthur},
	title = {{MobilityDB}: A Mobility Database Based on {PostgreSQL} and {PostGIS}},
	year = {2020},
	publisher = {Association for Computing Machinery},
	volume = {45},
	number = {4},
	doi = {10.1145/3406534},
	journal = {ACM Trans. Database Syst.},
	month = dec,
}

